@article{hardt2016gradient,
  title={Gradient descent learns linear dynamical systems},
  author={Hardt, Moritz and Ma, Tengyu and Recht, Benjamin},
  journal={arXiv preprint arXiv:1609.05191},
  year={2016}
}

@misc{emami2021implicit,
      title={Implicit Bias of Linear RNNs}, 
      author={Melikasadat Emami and Mojtaba Sahraee-Ardakan and Parthe Pandit and Sundeep Rangan and Alyson K. Fletcher},
      year={2021},
      eprint={2101.07833},
      archivePrefix={arXiv},
      primaryClass={cs.LG}
}

@article{gupta2022diagonal,
  title={Diagonal State Spaces are as Effective as Structured State Spaces},
  author={Gupta, Ankit},
  journal={arXiv preprint arXiv:2203.14343},
  year={2022}
}

@inproceedings{ZhangBHRV17,
  author    = {Chiyuan Zhang and
               Samy Bengio and
               Moritz Hardt and
               Benjamin Recht and
               Oriol Vinyals},
  title     = {Understanding deep learning requires rethinking generalization},
  booktitle = {5th International Conference on Learning Representations, {ICLR} 2017,
               Toulon, France, April 24-26, 2017, Conference Track Proceedings},
  publisher = {OpenReview.net},
  year      = {2017},
  url       = {https://openreview.net/forum?id=Sy8gdB9xx},
  timestamp = {Thu, 04 Apr 2019 13:20:08 +0200},
  biburl    = {https://dblp.org/rec/conf/iclr/ZhangBHRV17.bib},
}


@inproceedings{arora2018optimization,
  title={On the optimization of deep networks: Implicit acceleration by overparameterization},
  author={Arora, Sanjeev and Cohen, Nadav and Hazan, Elad},
  booktitle={International Conference on Machine Learning},
  pages={244--253},
  year={2018},
  organization={PMLR}
}

@inproceedings{azulay2021implicit,
  title={On the implicit bias of initialization shape: Beyond infinitesimal mirror descent},
  author={Azulay, Shahar and Moroshko, Edward and Nacson, Mor Shpigel and Woodworth, Blake E and Srebro, Nathan and Globerson, Amir and Soudry, Daniel},
  booktitle={International Conference on Machine Learning},
  pages={468--477},
  year={2021},
  organization={PMLR}
}

@book{Elad2010Sparse, 
author = {Elad, Michael}, 
title = {Sparse and Redundant Representations: From Theory to Applications in Signal and Image Processing}, year = {2010}, 
publisher = {Springer Publishing Company, Incorporated},  }


@book{Eldar2021CompressedSensing,
    author = {Yonina C. Eldar and Gitta Kutyniok},
    title = {Compressed Sensing: Theory and Applications},
    year = {2012},
publisher = {Cambridge University Press},  }

@article{bruckstein2008non,
  title={A non-negative and sparse enough solution of an underdetermined linear system of equations is unique},
  author={Bruckstein, Alfred M and Elad, Michael and Zibulevsky, Michael},
  journal={IEEE Trans. Inf. Theory},
  volume={54},
  number={11},
  pages={4813--4820},
  year={2008},
  publisher={Citeseer}
}
@inproceedings{lyu2019gradient,
  title={Gradient Descent Maximizes the Margin of Homogeneous Neural Networks},
  author={Lyu, Kaifeng and Li, Jian},
  booktitle={International Conference on Learning Representations},
  year={2019}
}

@inproceedings{ji2018gradient,
  title={Gradient descent aligns the layers of deep linear networks},
  author={Ji, Ziwei and Telgarsky, Matus},
  booktitle={International Conference on Learning Representations},
  year={2018}
}
@inproceedings{yun2020unifying,
  title={A unifying view on implicit bias in training linear neural networks},
  author={Yun, Chulhee and Krishnan, Shankar and Mobahi, Hossein},
  booktitle={International Conference on Learning Representations},
  year={2020}
}
@inproceedings{woodworth2020kernel,
  title={Kernel and rich regimes in overparametrized models},
  author={Woodworth, Blake and Gunasekar, Suriya and Lee, Jason D and Moroshko, Edward and Savarese, Pedro and Golan, Itay and Soudry, Daniel and Srebro, Nathan},
  booktitle={Conference on Learning Theory},
  pages={3635--3673},
  year={2020},
  organization={PMLR}
}

@inproceedings{press2022train,
title={Train Short, Test Long: Attention with Linear Biases Enables Input Length Extrapolation},
author={Ofir Press and Noah Smith and Mike Lewis},
booktitle={International Conference on Learning Representations},
year={2022},
}

@article{elkabetz2021continuous,
  title={Continuous vs. discrete optimization of deep neural networks},
  author={Elkabetz, Omer and Cohen, Nadav},
  journal={Advances in Neural Information Processing Systems},
  volume={34},
  year={2021}
}

@book{schmudgen2017moment,
  title={The moment problem},
  author={Schm{\"u}dgen, Konrad},
  volume={9},
  year={2017},
  publisher={Springer}
}

@inproceedings{cohen2011use,
  title={On the use of sparsity for recovering discrete probability distributions from their moments},
  author={Cohen, Anna and Yeredor, Arie},
  booktitle={2011 IEEE Statistical Signal Processing Workshop (SSP)},
  pages={753--756},
  year={2011},
  organization={IEEE}
}

@article{cohen2022extrapolation,
  title={On the Implicit Bias of Gradient Descent for Temporal Extrapolation},
  author={Cohen-Karlik, Edo and Ben David, Avichai and Cohen, Nadav and Globerson, Amir},
  journal={International Conference on Artificial Intelligence and Statistics},
  year={2022}
}

@article{kalman1963mathematical,
  title={Mathematical description of linear dynamical systems},
  author={Kalman, Rudolf Emil},
  journal={Journal of the Society for Industrial and Applied Mathematics, Series A: Control},
  volume={1},
  number={2},
  pages={152--192},
  year={1963},
  publisher={SIAM}
}

@inproceedings{kalman1960general,
  title={On the general theory of control systems},
  author={Kalman, Rudolf E},
  booktitle={Proceedings First International Conference on Automatic Control, Moscow, USSR},
  pages={481--492},
  year={1960}
}

@book{antoulas2005approximation,
  title={Approximation of large-scale dynamical systems},
  author={Antoulas, Athanasios C},
  year={2005},
  publisher={SIAM}
}

@inproceedings{oymak2019non,
  title={Non-asymptotic identification of lti systems from a single trajectory},
  author={Oymak, Samet and Ozay, Necmiye},
  booktitle={2019 American control conference (ACC)},
  pages={5655--5661},
  year={2019},
  organization={IEEE}
}

@article{jacot2018neural,
  title={Neural tangent kernel: Convergence and generalization in neural networks},
  author={Jacot, Arthur and Gabriel, Franck and Hongler, Cl{\'e}ment},
  journal={Advances in neural information processing systems},
  volume={31},
  year={2018}
}

@article{donoho2003optimally,
  title={Optimally sparse representation in general (nonorthogonal) dictionaries via â„“1 minimization},
  author={Donoho, David L and Elad, Michael},
  journal={Proceedings of the National Academy of Sciences},
  volume={100},
  number={5},
  pages={2197--2202},
  year={2003},
  publisher={National Acad Sciences}
}

@inproceedings{gale1963neighborly,
  title={Neighborly and cyclic polytopes},
  author={Gale, David},
  booktitle={Proc. Sympos. Pure Math},
  volume={7},
  pages={225--232},
  year={1963}
}

@article{ljung1999system,
  title={System identification},
  author={Ljung, Lennart},
  journal={Wiley encyclopedia of electrical and electronics engineering},
  pages={1--19},
  year={1999},
  publisher={Wiley Online Library}
}

@article{de2000minimal,
  title={Minimal state-space realization in linear system theory: an overview},
  author={De Schutter, Bart},
  journal={Journal of computational and applied mathematics},
  volume={121},
  number={1-2},
  pages={331--354},
  year={2000},
  publisher={Elsevier}
}

@article{svoboda2018neural,
  title={Neural mechanisms of movement planning: motor cortex and beyond},
  author={Svoboda, Karel and Li, Nuo},
  journal={Current opinion in neurobiology},
  volume={49},
  pages={33--41},
  year={2018},
  publisher={Elsevier}
}

@article{li2020towards,
  title={Towards resolving the implicit bias of gradient descent for matrix factorization: Greedy low-rank learning},
  author={Li, Zhiyuan and Luo, Yuping and Lyu, Kaifeng},
  journal={arXiv preprint arXiv:2012.09839},
  year={2020}
}

@article{allen2019convergence,
  title={On the convergence rate of training recurrent neural networks},
  author={Allen-Zhu, Zeyuan and Li, Yuanzhi and Song, Zhao},
  journal={Advances in neural information processing systems},
  volume={32},
  year={2019}
}



@article{wu2020optimal,
  title={Optimal estimation of Gaussian mixtures via denoised method of moments},
  author={Wu, Yihong and Yang, Pengkun},
  journal={The Annals of Statistics},
  volume={48},
  number={4},
  pages={1981--2007},
  year={2020},
  publisher={Institute of Mathematical Statistics}
}

@inproceedings{gu2022efficiently,
title={Efficiently Modeling Long Sequences with Structured State Spaces},
author={Albert Gu and Karan Goel and Christopher Re},
booktitle={International Conference on Learning Representations},
year={2022},
}
@article{gu2021combining,
  title={Combining Recurrent, Convolutional, and Continuous-time Models with Linear State Space Layers},
  author={Gu, Albert and Johnson, Isys and Goel, Karan and Saab, Khaled and Dao, Tri and Rudra, Atri and R{\'e}, Christopher},
  journal={Advances in Neural Information Processing Systems},
  volume={34},
  year={2021}
}

@article{gu2020hippo,
  title={Hippo: Recurrent memory with optimal polynomial projections},
  author={Gu, Albert and Dao, Tri and Ermon, Stefano and Rudra, Atri and R{\'e}, Christopher},
  journal={Advances in Neural Information Processing Systems},
  volume={33},
  pages={1474--1487},
  year={2020}
}

@article{biswas2021bounding,
  title={Bounding Wasserstein distance with couplings},
  author={Biswas, Niloy and Mackey, Lester},
  journal={arXiv preprint arXiv:2112.03152},
  year={2021}
}

@article{panaretos2019statistical,
  title={Statistical aspects of Wasserstein distances},
  author={Panaretos, Victor M and Zemel, Yoav},
  journal={Annual review of statistics and its application},
  volume={6},
  pages={405--431},
  year={2019},
  publisher={Annual Reviews}
}


@book{vershynin2018high,
  title={High-dimensional probability: An introduction with applications in data science},
  author={Vershynin, Roman},
  volume={47},
  year={2018},
  publisher={Cambridge university press}
}

@article{laurent2000adaptive,
  title={Adaptive estimation of a quadratic functional by model selection},
  author={Laurent, Beatrice and Massart, Pascal},
  journal={Annals of Statistics},
  pages={1302--1338},
  year={2000},
  publisher={JSTOR}
}

@article{chung2014empirical,
  title={Empirical evaluation of gated recurrent neural networks on sequence modeling},
  author={Chung, Junyoung and Gulcehre, Caglar and Cho, KyungHyun and Bengio, Yoshua},
  journal={arXiv preprint arXiv:1412.3555},
  year={2014}
}

@ARTICLE{lstm,
  author={Hochreiter, Sepp and Schmidhuber, JÃ¼rgen},
  journal={Neural Computation}, 
  title={Long Short-Term Memory}, 
  year={1997},
  volume={9},
  number={8},
  pages={1735-1780},
  doi={10.1162/neco.1997.9.8.1735}
}

@article{xu2020neural,
  title={How neural networks extrapolate: From feedforward to graph neural networks},
  author={Xu, Keyulu and Zhang, Mozhi and Li, Jingling and Du, Simon S and Kawarabayashi, Ken-ichi and Jegelka, Stefanie},
  journal={arXiv preprint arXiv:2009.11848},
  year={2020}
}

@article{anil2022exploring,
  title={Exploring Length Generalization in Large Language Models},
  author={Anil, Cem and Wu, Yuhuai and Andreassen, Anders and Lewkowycz, Aitor and Misra, Vedant and Ramasesh, Vinay and Slone, Ambrose and Gur-Ari, Guy and Dyer, Ethan and Neyshabur, Behnam},
  journal={arXiv preprint arXiv:2207.04901},
  year={2022}
}

@article{zhang2022unveiling,
  title={Unveiling Transformers with LEGO: a synthetic reasoning task},
  author={Zhang, Yi and Backurs, Arturs and Bubeck, S{\'e}bastien and Eldan, Ronen and Gunasekar, Suriya and Wagner, Tal},
  journal={arXiv preprint arXiv:2206.04301},
  year={2022}
}

@inproceedings{razin2020implicit,
	title={Implicit Regularization in Deep Learning May Not Be Explainable by Norms},
	author={Razin, Noam and Cohen, Nadav},
	booktitle={Advances in Neural Information Processing Systems (NeurIPS)},
	year={2020}
}

@inproceedings{arora2019implicit,
	title = {Implicit Regularization in Deep Matrix Factorization},
	author = {Arora, Sanjeev and Cohen, Nadav and Hu, Wei and Luo, Yuping},
	booktitle={Advances in Neural Information Processing Systems (NeurIPS)},
	pages = {7413--7424},
	year = {2019},
}

@article{arora2019convergence,
	title={A Convergence Analysis of Gradient Descent for Deep Linear Neural Networks},
	author={Arora, Sanjeev and Cohen, Nadav and Golowich, Noah and Hu, Wei},
	journal={International Conference on Learning Representations (ICLR)},
	year={2019}
}

@article{razin2022implicit,
	title={Implicit Regularization in Hierarchical Tensor Factorization and Deep Convolutional Neural Networks},
	author={Razin, Noam and Maman, Asaf and Cohen, Nadav},
	journal={International Conference on Machine Learning (ICML)},
	year={2022}
}

@article{razin2021implicit,
	title={Implicit Regularization in Tensor Factorization},
	author={Razin, Noam and Maman, Asaf and Cohen, Nadav},
	journal={International Conference on Machine Learning (ICML)},
	year={2021}
}

@article{lim2021noisy,
  title={Noisy recurrent neural networks},
  author={Lim, Soon Hoe and Erichson, N Benjamin and Hodgkinson, Liam and Mahoney, Michael W},
  journal={Advances in Neural Information Processing Systems},
  volume={34},
  pages={5124--5137},
  year={2021}
}

@article{hazan2018spectral,
  title={Spectral filtering for general linear dynamical systems},
  author={Hazan, Elad and Lee, Holden and Singh, Karan and Zhang, Cyril and Zhang, Yi},
  journal={Advances in Neural Information Processing Systems},
  volume={31},
  year={2018}
}   

@article{gunasekar2017implicit,
  title={Implicit regularization in matrix factorization},
  author={Gunasekar, Suriya and Woodworth, Blake E and Bhojanapalli, Srinadh and Neyshabur, Behnam and Srebro, Nati},
  journal={Advances in Neural Information Processing Systems},
  volume={30},
  year={2017}
}

@article{kingma2014adam,
  title={Adam: A method for stochastic optimization},
  author={Kingma, Diederik P and Ba, Jimmy},
  journal={arXiv preprint arXiv:1412.6980},
  year={2014}
}

@article{saxe2013exact,
  title={Exact solutions to the nonlinear dynamics of learning in deep linear neural networks},
  author={Saxe, Andrew M and McClelland, James L and Ganguli, Surya},
  journal={arXiv preprint arXiv:1312.6120},
  year={2013}
}

@book{porat1996course,
  title={A course in digital signal processing},
  author={Porat, Boaz},
  year={1996},
  publisher={John Wiley \& Sons, Inc.}
}

@article{boyd2006ee263,
  title={EE263: Introduction to linear dynamical systems},
  author={Boyd, S and Lessard, L},
  journal={Online Lecture Notes, Stanford University, Spring Quarter},
  volume={2007},
  year={2006}
}